@inproceedings{ref-cfst,
 author = {Thiemann, Peter and Vasconcelos, Vasco T.},
 title = {Context-free Session Types},
 booktitle = {ICFP 2016},
 volume = 51,
 year = 2016,
 isbn = {978-1-4503-4219-3},
 pages = {462--475},
 numpages = 14,
 doi = {10.1145/2951913.2951926},
 acmid = 2951926,
 publisher = {ACM},
} 

@InProceedings{ref-lang-primitives,
author="Honda K. and Vasconcelos, Vasco T. and Kubo M.",
editor="Hankin, Chris",
title="Language primitives and type discipline for structured communication-based programming",
booktitle="Programming Languages and Systems",
year=1998,
publisher="Springer-Verlag, Heidelberg",
pages="122--138",
doi="10.1007/BFb0053567",
}

@Article{ref-sessions-pi,
author="Gay S., Hole M.",
title="Subtyping for session types in the pi calculus",
journal="Acta Informatica",
year=2005,
volume=42,
number=2,
pages="191--225",
issn="1432-0525",
doi="10.1007/s00236-005-0177-z",
}

@misc{ref-go,
key = {go},
title={The {G}o Programming Language}, 
howpublished = {\url{http://golang.org/}}, 
journal={The Go Programming Language}, 
publisher={Google}
} 

@article{ref-CSP-Hoare,
 author = {Hoare, C. A. R.},
 title = {Communicating Sequential Processes},
 journal = {Commun. ACM},
 issue_date = {Aug. 1978},
 volume = 21,
 number = 8,
 year = 1978,
 pages = {666--677},
 numpages = 12,
 doi = {10.1145/359576.359585},
 acmid = 359585,
 publisher = {ACM},
} 

@InProceedings{ref-sepi,
author="Franco, J. and Vasconcelos, V. T.",
title = {A Concurrent Programming Language with Refined Session Types},
booktitle = {Second International Workshop on Behavioural Types},
pages  = {33--42},
year = 2013,
publisher="Springer",
doi={10.1007/978-3-319-05032-4\_2},
}

@article{Hewitt:StructuresAsPatternsOfPassingMessages,
title = "Viewing control structures as patterns of passing messages",
journal = "Artificial Intelligence",
volume = "8",
number = "3",
pages = "323 - 364",
year = "1977",
issn = "0004-3702",
doi = "10.1016/0004-3702(77)90033-9",
author = "Hewitt, C."
}

@article{Hewitt:ActorFormalismForAI,
title = "A Universal Modular ACTOR Formalism for Artificial Intelligence",
journal = "IJCAI",
volume = 8,
pages = "35 - 245",
year = 1977,
author = "Hewitt, C. and Bishop, P. and Steiger, R",
}

@book{Armstrong:ErlangBook,
 author = {Armstrong, Joe},
 title = {Programming Erlang: Software for a Concurrent World},
 year = 2007,
 isbn = {193435600X, 9781934356005},
 publisher = {Pragmatic Bookshelf}
} 

@article{Hoare:CSP,
 author = {Hoare, C. A. R.},
 title = {Communicating Sequential Processes},
 journal = {Commun. ACM}, 
 publisher = {ACM},
 volume = 26,
 year = 1983,
 issn = {0001-0782},
 pages = {100--106},
 numpages = 7,
 doi = {10.1145/357980.358021},
 acmid = 358021
}

@InProceedings{bisimilarity,
author="Jan{\v{c}}ar, Petr and Moller, Faron",
title="Techniques for Decidability and Undecidability of Bisimilarity",
booktitle="CONCUR'99 Concurrency Theory",
year="1999",
publisher="Springer",
pages="30--45",
isbn="978-3-540-48320-5"
}


}
@InProceedings{decidable-CFP-bisimilarity,
author="Christensen, S{\o}ren
and H{\"u}ttel, Hans
and Stirling, Colin",
title="Bisimulation equivalence is decidable for all context-free processes",
booktitle="CONCUR '92",
year=1992,
publisher="Springer",
pages="138--147",
doi={10.1007/BFb0084788},
}



%%% Local Variables:
%%% mode: latex
%%% TeX-master: "cfst-inforum18"
%%% End:
