@InBook{Lindley.Morris_Lightweight.functional.session.types,
  author = 	 {Sam Lindley and J. Garrett Morris},
  ALTeditor = 	 {},
  title = 	 {Behavioural Types: from Theory to Tools},
  chapter = 	 {Lightweight functional session types},
  publisher = 	 {River Publishers Series in Automation, Control and Robotics},
  year = 	 {2017},
  OPTkey = 	 {},
  OPTvolume = 	 {},
  OPTnumber = 	 {},
  OPTseries = 	 {},
  OPTtype = 	 {},
  OPTaddress = 	 {},
  OPTedition = 	 {},
  OPTmonth = 	 {},
  OPTpages = 	 {},
  OPTnote = 	 {},
  OPTannote = 	 {}
}

@inproceedings{DBLP:conf/fmco/CooperLWY06,
  author    = {Ezra Cooper and
               Sam Lindley and
               Philip Wadler and
               Jeremy Yallop},
  title     = {Links: Web Programming Without Tiers},
  booktitle = {Formal Methods for Components and Objects, 5th International Symposium,
               {FMCO} 2006, Amsterdam, The Netherlands, November 7-10, 2006, Revised
               Lectures},
  pages     = {266--296},
  year      = {2006},
  crossref  = {DBLP:conf/fmco/2006},
  url       = {https://doi.org/10.1007/978-3-540-74792-5\_12},
  doi       = {10.1007/978-3-540-74792-5\_12},
  timestamp = {Fri, 02 Jun 2017 13:01:07 +0200},
  biburl    = {https://dblp.org/rec/bib/conf/fmco/CooperLWY06},
  bibsource = {dblp computer science bibliography, https://dblp.org}
}
@proceedings{DBLP:conf/fmco/2006,
  editor    = {Frank S. de Boer and
               Marcello M. Bonsangue and
               Susanne Graf and
               Willem P. de Roever},
  title     = {Formal Methods for Components and Objects, 5th International Symposium,
               {FMCO} 2006, Amsterdam, The Netherlands, November 7-10, 2006, Revised
               Lectures},
  series    = {Lecture Notes in Computer Science},
  volume    = {4709},
  publisher = {Springer},
  year      = {2007},
  url       = {https://doi.org/10.1007/978-3-540-74792-5},
  doi       = {10.1007/978-3-540-74792-5},
  isbn      = {978-3-540-74791-8},
  timestamp = {Fri, 02 Jun 2017 13:01:07 +0200},
  biburl    = {https://dblp.org/rec/bib/conf/fmco/2006},
  bibsource = {dblp computer science bibliography, https://dblp.org}
}

@PhdThesis{Toninho:phd,
  author = 	 {Bernardo Toninho},
  title = 	 {A Logical Foundation for Session-based Concurrent Computation},
  school = 	 {Carnegie Mellon University \and Universidade Nova de Lisboa},
  year = 	 {2015},
  OPTkey = 	 {},
  OPTtype = 	 {},
  OPTaddress = 	 {},
  OPTmonth = 	 {},
  OPTnote = 	 {},
  OPTannote = 	 {}
}

@article{DBLP:journals/pacmpl/BalzerP17,
  author    = {Stephanie Balzer and
               Frank Pfenning},
  title     = {Manifest sharing with session types},
  journal   = {{PACMPL}},
  volume    = {1},
  number    = {{ICFP}},
  pages     = {37:1--37:29},
  year      = {2017},
  url       = {https://doi.org/10.1145/3110281},
  doi       = {10.1145/3110281},
  timestamp = {Tue, 06 Nov 2018 12:51:05 +0100},
  biburl    = {https://dblp.org/rec/bib/journals/pacmpl/BalzerP17},
  bibsource = {dblp computer science bibliography, https://dblp.org}
}

@Misc{ Pfenning:C1,
  OPTkey = 	 {},
  author = 	 {Frank Pfenning},
  title = 	 {Message-Passing Concurrency and Substructural Logics},
  howpublished = {Tutorial at POPL},
  OPTmonth = 	 {},
  year = 	 {2018},
  OPTnote = 	 {},
  OPTannote = 	 {}
}

@inproceedings{DBLP:conf/esop/Padovani17,
  author    = {Luca Padovani},
  title     = {Context-Free Session Type Inference},
  booktitle = {Programming Languages and Systems - 26th European Symposium on Programming,
               {ESOP} 2017, Held as Part of the European Joint Conferences on Theory
               and Practice of Software, {ETAPS} 2017, Uppsala, Sweden, April 22-29,
               2017, Proceedings},
  pages     = {804--830},
  year      = {2017},
  crossref  = {DBLP:conf/esop/2017},
  url       = {https://doi.org/10.1007/978-3-662-54434-1\_30},
  doi       = {10.1007/978-3-662-54434-1\_30},
  timestamp = {Fri, 02 Nov 2018 09:46:30 +0100},
  biburl    = {https://dblp.org/rec/bib/conf/esop/Padovani17},
  bibsource = {dblp computer science bibliography, https://dblp.org}
}
@proceedings{DBLP:conf/esop/2017,
  editor    = {Hongseok Yang},
  title     = {Programming Languages and Systems - 26th European Symposium on Programming,
               {ESOP} 2017, Held as Part of the European Joint Conferences on Theory
               and Practice of Software, {ETAPS} 2017, Uppsala, Sweden, April 22-29,
               2017, Proceedings},
  series    = {Lecture Notes in Computer Science},
  volume    = {10201},
  publisher = {Springer},
  year      = {2017},
  url       = {https://doi.org/10.1007/978-3-662-54434-1},
  doi       = {10.1007/978-3-662-54434-1},
  isbn      = {978-3-662-54433-4},
  timestamp = {Fri, 19 May 2017 01:25:18 +0200},
  biburl    = {https://dblp.org/rec/bib/conf/esop/2017},
  bibsource = {dblp computer science bibliography, https://dblp.org}
}

@article{DBLP:journals/ftpl/AnconaBB0CDGGGH16,
  author    = {Davide Ancona and
               Viviana Bono and
               Mario Bravetti and
               Joana Campos and
               Giuseppe Castagna and
               Pierre{-}Malo Deni{\'{e}}lou and
               Simon J. Gay and
               Nils Gesbert and
               Elena Giachino and
               Raymond Hu and
               Einar Broch Johnsen and
               Francisco Martins and
               Viviana Mascardi and
               Fabrizio Montesi and
               Rumyana Neykova and
               Nicholas Ng and
               Luca Padovani and
               Vasco T. Vasconcelos and
               Nobuko Yoshida},
  title     = {Behavioral Types in Programming Languages},
  journal   = {Foundations and Trends in Programming Languages},
  volume    = {3},
  number    = {2-3},
  pages     = {95--230},
  year      = {2016},
  url       = {https://doi.org/10.1561/2500000031},
  doi       = {10.1561/2500000031},
  timestamp = {Fri, 26 May 2017 22:50:41 +0200},
  biburl    = {https://dblp.org/rec/bib/journals/ftpl/AnconaBB0CDGGGH16},
  bibsource = {dblp computer science bibliography, https://dblp.org}
}

@inproceedings{DBLP:conf/mcmaster/Reppy93,
  author    = {John H. Reppy},
  title     = {Concurrent {ML:} Design, Application and Semantics},
  booktitle = {Functional Programming, Concurrency, Simulation and Automated Reasoning:
               International Lecture Series 1991-1992, McMaster University, Hamilton,
               Ontario, Canada},
  pages     = {165--198},
  year      = {1993},
  crossref  = {DBLP:conf/mcmaster/1993},
  url       = {https://doi.org/10.1007/3-540-56883-2\_10},
  doi       = {10.1007/3-540-56883-2\_10},
  timestamp = {Sat, 20 May 2017 15:32:55 +0200},
  biburl    = {https://dblp.org/rec/bib/conf/mcmaster/Reppy93},
  bibsource = {dblp computer science bibliography, https://dblp.org}
}
@proceedings{DBLP:conf/mcmaster/1993,
  editor    = {Peter E. Lauer},
  title     = {Functional Programming, Concurrency, Simulation and Automated Reasoning:
               International Lecture Series 1991-1992, McMaster University, Hamilton,
               Ontario, Canada},
  series    = {Lecture Notes in Computer Science},
  volume    = {693},
  publisher = {Springer},
  year      = {1993},
  url       = {https://doi.org/10.1007/3-540-56883-2},
  doi       = {10.1007/3-540-56883-2},
  isbn      = {3-540-56883-2},
  timestamp = {Sat, 20 May 2017 15:32:55 +0200},
  biburl    = {https://dblp.org/rec/bib/conf/mcmaster/1993},
  bibsource = {dblp computer science bibliography, https://dblp.org}
}

@inproceedings{DBLP:conf/sefm/FrancoV13,
  author    = {Juliana Franco and
               Vasco Thudichum Vasconcelos},
  title     = {A Concurrent Programming Language with Refined Session Types},
  booktitle = {Software Engineering and Formal Methods - {SEFM} 2013 Collocated Workshops:
               BEAT2, WS-FMDS, FM-RAIL-Bok, MoKMaSD, and OpenCert, Madrid, Spain,
               September 23-24, 2013, Revised Selected Papers},
  pages     = {15--28},
  year      = {2013},
  crossref  = {DBLP:conf/sefm/2013w},
  url       = {https://doi.org/10.1007/978-3-319-05032-4\_2},
  doi       = {10.1007/978-3-319-05032-4\_2},
  timestamp = {Fri, 02 Nov 2018 09:41:49 +0100},
  biburl    = {https://dblp.org/rec/bib/conf/sefm/FrancoV13},
  bibsource = {dblp computer science bibliography, https://dblp.org}
}
@proceedings{DBLP:conf/sefm/2013w,
  editor    = {Steve Counsell and
               Manuel N{\'{u}}{\~{n}}ez},
  title     = {Software Engineering and Formal Methods - {SEFM} 2013 Collocated Workshops:
               BEAT2, WS-FMDS, FM-RAIL-Bok, MoKMaSD, and OpenCert, Madrid, Spain,
               September 23-24, 2013, Revised Selected Papers},
  series    = {Lecture Notes in Computer Science},
  volume    = {8368},
  publisher = {Springer},
  year      = {2014},
  url       = {https://doi.org/10.1007/978-3-319-05032-4},
  doi       = {10.1007/978-3-319-05032-4},
  isbn      = {978-3-319-05031-7},
  timestamp = {Fri, 25 Aug 2017 06:45:03 +0200},
  biburl    = {https://dblp.org/rec/bib/conf/sefm/2013w},
  bibsource = {dblp computer science bibliography, https://dblp.org}
}

@Unpublished{ bernardo,
  author = 	 {Bernado Almeida and Vasco T. Vasconcelos},
  title = 	 {A functional programming language with context-free session types},
  note = 	 {To appear},
  year = 	 2019
}

@inproceedings{DBLP:conf/parle/TakeuchiHK94,
  author    = {Kaku Takeuchi and
               Kohei Honda and
               Makoto Kubo},
  _editor    = {Constantine Halatsis and
               Dimitris G. Maritsas and
               George Philokyprou and
               Sergios Theodoridis},
  title     = {An Interaction-based Language and its Typing System},
  booktitle = {PARLE},
  _booktitle = {{PARLE} '94: Parallel Architectures and Languages Europe, 6th International
               {PARLE} Conference, Athens, Greece, July 4-8, 1994, Proceedings},
  series    = {LNCS},
  volume    = {817},
  pages     = {398--413},
  publisher = {Springer},
  year      = {1994},
  _url       = {http://dx.doi.org/10.1007/3-540-58184-7_118},
  _doi       = {10.1007/3-540-58184-7_118},
  timestamp = {Tue, 14 Jun 2011 20:35:25 +0200},
  biburl    = {http://dblp.uni-trier.de/rec/bib/conf/parle/TakeuchiHK94},
  bibsource = {dblp computer science bibliography, http://dblp.org}
}

@inproceedings{DBLP:conf/popl/HondaYC08,
  author    = {Kohei Honda and
               Nobuko Yoshida and
               Marco Carbone},
  _editor    = {George C. Necula and
               Philip Wadler},
  title     = {Multiparty asynchronous session types},
  booktitle = {POPL},
  _booktitle = {Proceedings of the 35th {ACM} {SIGPLAN-SIGACT} Symposium on Principles
               of Programming Languages, {POPL} 2008, San Francisco, California,
               USA, January 7-12, 2008},
  pages     = {273--284},
  publisher = {{ACM}},
  year      = {2008},
  _url       = {http://doi.acm.org/10.1145/1328438.1328472},
  _doi       = {10.1145/1328438.1328472},
  timestamp = {Tue, 22 May 2012 15:24:56 +0200},
  biburl    = {http://dblp.uni-trier.de/rec/bib/conf/popl/HondaYC08},
  bibsource = {dblp computer science bibliography, http://dblp.org}
}

@inproceedings{DBLP:conf/popl/GayVRGC10,
  author    = {Simon J. Gay and
               Vasco Thudichum Vasconcelos and
               Ant{\'{o}}nio Ravara and
               Nils Gesbert and
               Alexandre Z. Caldeira},
  title     = {Modular session types for distributed object-oriented programming},
  booktitle = {POPL},
  _booktitle = {Proceedings of the 37th {ACM} {SIGPLAN-SIGACT} Symposium on Principles
               of Programming Languages, {POPL} 2010, Madrid, Spain, January 17-23,
               2010},
  pages     = {299--312},
  year      = {2010},
  crossref  = {DBLP:conf/popl/2010},
  _url       = {http://doi.acm.org/10.1145/1706299.1706335},
  _doi       = {10.1145/1706299.1706335},
  timestamp = {Tue, 22 May 2012 15:24:56 +0200},
  biburl    = {http://dblp.uni-trier.de/rec/bib/conf/popl/GayVRGC10},
  bibsource = {dblp computer science bibliography, http://dblp.org}
}


@article{DBLP:journals/toplas/CarboneHY12,
  author    = {Marco Carbone and
               Kohei Honda and
               Nobuko Yoshida},
  title     = {Structured Communication-Centered Programming for Web Services},
  journal   = {{ACM} Trans. Program. Lang. Syst.},
  volume    = 34,
  number    = 2,
  pages     = 8,
  year      = 2012,
  _url       = {http://doi.acm.org/10.1145/2220365.2220367},
  _doi       = {10.1145/2220365.2220367},
  timestamp = {Tue, 21 Aug 2012 18:24:25 +0200},
  biburl    = {http://dblp.uni-trier.de/rec/bib/journals/toplas/CarboneHY12},
  bibsource = {dblp computer science bibliography, http://dblp.org}
}

@inproceedings{DBLP:conf/icfp/ThiemannV16,
  author    = {Peter Thiemann and
               Vasco T. Vasconcelos},
  title     = {Context-free session types},
  booktitle = {Proceedings of the 21st {ACM} {SIGPLAN} International Conference on
               Functional Programming, {ICFP} 2016, Nara, Japan, September 18-22,
               2016},
  pages     = {462--475},
  year      = {2016},
  crossref  = {DBLP:conf/icfp/2016},
  url       = {https://doi.org/10.1145/2951913.2951926},
  doi       = {10.1145/2951913.2951926},
  timestamp = {Tue, 06 Nov 2018 16:59:25 +0100},
  biburl    = {https://dblp.org/rec/bib/conf/icfp/ThiemannV16},
  bibsource = {dblp computer science bibliography, https://dblp.org}
}
@proceedings{DBLP:conf/icfp/2016,
  editor    = {Jacques Garrigue and
               Gabriele Keller and
               Eijiro Sumii},
  title     = {Proceedings of the 21st {ACM} {SIGPLAN} International Conference on
               Functional Programming, {ICFP} 2016, Nara, Japan, September 18-22,
               2016},
  publisher = {{ACM}},
  year      = {2016},
  url       = {https://doi.org/10.1145/2951913},
  doi       = {10.1145/2951913},
  isbn      = {978-1-4503-4219-3},
  timestamp = {Tue, 06 Nov 2018 16:59:25 +0100},
  biburl    = {https://dblp.org/rec/bib/conf/icfp/2016},
  bibsource = {dblp computer science bibliography, https://dblp.org}
}

@inproceedings{janvcar1999techniques,
  title={Techniques for decidability and undecidability of bisimilarity},
  author={Jan{\v{c}}ar, Petr and Moller, Faron},
  booktitle={International Conference on Concurrency Theory},
  pages={30--45},
  year={1999},
  organization={Springer}
}

@article{DBLP:journals/iandc/ChristensenHS95,
  author    = {S{\o}ren Christensen and
               Hans H{\"{u}}ttel and
               Colin Stirling},
  title     = {Bisimulation Equivalence is Decidable for All Context-Free Processes},
  journal   = {Inf. Comput.},
  volume    = {121},
  number    = {2},
  pages     = {143--148},
  year      = {1995},
  ignoreurl       = {http://dx.doi.org/10.1006/inco.1995.1129},
  ignoredoi       = {10.1006/inco.1995.1129},
  timestamp = {Wed, 06 Jul 2011 21:24:02 +0200},
  biburl    = {http://dblp.uni-trier.de/rec/bib/journals/iandc/ChristensenHS95},
  bibsource = {dblp computer science bibliography, http://dblp.org}
}


@article{DBLP:journals/jacm/AcetoH92,
  author    = {Luca Aceto and
               Matthew Hennessy},
  title     = {Termination, Deadlock, and Divergence},
  journal   = {J. {ACM}},
  volume    = {39},
  number    = {1},
  pages     = {147--187},
  year      = {1992},
  ignoreurl       = {http://doi.acm.org/10.1145/147508.147527},
  ignoredoi       = {10.1145/147508.147527},
  timestamp = {Thu, 20 Nov 2003 12:27:59 +0100},
  biburl    = {http://dblp.uni-trier.de/rec/bib/journals/jacm/AcetoH92},
  bibsource = {dblp computer science bibliography, http://dblp.org}
}

@InBook{ walker:substructural-type-systems,
  _ditor = {Benjamin C. Pierce},
  author = 	 {David Walker},
  title = 	 {Advanced Topics in Types and Programming Languages},
  chapter = 	 {Substructural Type Systems},
  publisher = 	 {MIT Press},
  year = 	 {2005}
}

@inproceedings{DBLP:conf/parle/Vasconcelos94,
  author    = {Vasco Thudichum Vasconcelos},
  title     = {Predicative Polymorphism in Pi-Calculus},
  booktitle = {PARLE},
  _booktitle = {{PARLE} '94: Parallel Architectures and Languages Europe, 6th International
               {PARLE} Conference, Athens, Greece, July 4-8, 1994, Proceedings},
  pages     = {425--437},
  year      = {1994},
  crossref  = {DBLP:conf/parle/1994},
  _url       = {http://dx.doi.org/10.1007/3-540-58184-7_120},
  _doi       = {10.1007/3-540-58184-7_120},
  timestamp = {Tue, 14 Jun 2011 20:35:25 +0200},
  biburl    = {http://dblp.uni-trier.de/rec/bib/conf/parle/Vasconcelos94},
  bibsource = {dblp computer science bibliography, http://dblp.org}
}

@proceedings{DBLP:conf/parle/1994,
  _editor    = {Constantine Halatsis and
               Dimitris G. Maritsas and
               George Philokyprou and
               Sergios Theodoridis},
  title     = {{PARLE} '94: Parallel Architectures and Languages Europe, 6th International
               {PARLE} Conference, Athens, Greece, July 4-8, 1994, Proceedings},
  series    = {LNCS},
  volume    = {817},
  publisher = {Springer},
  year      = {1994},
  _isbn      = {3-540-58184-7},
  timestamp = {Fri, 01 Mar 2002 07:44:57 +0100},
  biburl    = {http://dblp.uni-trier.de/rec/bib/conf/parle/1994},
  bibsource = {dblp computer science bibliography, http://dblp.org}
}

@article{DBLP:journals/toplas/CarboneHY12,
  author    = {Marco Carbone and
               Kohei Honda and
               Nobuko Yoshida},
  title     = {Structured Communication-Centered Programming for Web Services},
  journal   = {{ACM} Trans. Program. Lang. Syst.},
  volume    = 34,
  number    = 2,
  pages     = 8,
  year      = 2012,
  _url       = {http://doi.acm.org/10.1145/2220365.2220367},
  _doi       = {10.1145/2220365.2220367},
  timestamp = {Tue, 21 Aug 2012 18:24:25 +0200},
  biburl    = {http://dblp.uni-trier.de/rec/bib/journals/toplas/CarboneHY12},
  bibsource = {dblp computer science bibliography, http://dblp.org}
}

@inproceedings{DBLP:conf/popl/GayVRGC10,
  author    = {Simon J. Gay and
               Vasco Thudichum Vasconcelos and
               Ant{\'{o}}nio Ravara and
               Nils Gesbert and
               Alexandre Z. Caldeira},
  title     = {Modular session types for distributed object-oriented programming},
  booktitle = {POPL},
  _booktitle = {Proceedings of the 37th {ACM} {SIGPLAN-SIGACT} Symposium on Principles
               of Programming Languages, {POPL} 2010, Madrid, Spain, January 17-23,
               2010},
  pages     = {299--312},
  year      = {2010},
  crossref  = {DBLP:conf/popl/2010},
  _url       = {http://doi.acm.org/10.1145/1706299.1706335},
  _doi       = {10.1145/1706299.1706335},
  timestamp = {Tue, 22 May 2012 15:24:56 +0200},
  biburl    = {http://dblp.uni-trier.de/rec/bib/conf/popl/GayVRGC10},
  bibsource = {dblp computer science bibliography, http://dblp.org}
}

@proceedings{DBLP:conf/popl/2010,
  _editor    = {Manuel V. Hermenegildo and
               Jens Palsberg},
  title     = {Proceedings of the 37th {ACM} {SIGPLAN-SIGACT} Symposium on Principles
               of Programming Languages, {POPL} 2010, Madrid, Spain, January 17-23,
               2010},
  publisher = {{ACM}},
  year      = {2010},
  _url       = {http://dl.acm.org/citation.cfm?id=1706299},
  _isbn      = {978-1-60558-479-9},
  timestamp = {Tue, 22 May 2012 15:24:56 +0200},
  biburl    = {http://dblp.uni-trier.de/rec/bib/conf/popl/2010},
  bibsource = {dblp computer science bibliography, http://dblp.org}
}

@inproceedings{DBLP:conf/concur/CairesP10,
  author    = {Lu{\'{\i}}s Caires and
               Frank Pfenning},
  title     = {Session Types as Intuitionistic Linear Propositions},
  booktitle = {CONCUR},
  _booktitle = {{CONCUR} 2010 - Concurrency Theory, 21th International Conference,
               {CONCUR} 2010, Paris, France, August 31-September 3, 2010. Proceedings},
  pages     = {222--236},
  year      = {2010},
  crossref  = {DBLP:conf/concur/2010},
  _url       = {http://dx.doi.org/10.1007/978-3-642-15375-4_16},
  _doi       = {10.1007/978-3-642-15375-4_16},
  timestamp = {Thu, 26 Aug 2010 16:46:17 +0200},
  biburl    = {http://dblp.uni-trier.de/rec/bib/conf/concur/CairesP10},
  bibsource = {dblp computer science bibliography, http://dblp.org}
}

@proceedings{DBLP:conf/concur/2010,
  _editor    = {Paul Gastin and
               Fran{\c{c}}ois Laroussinie},
  title     = {{CONCUR} 2010 - Concurrency Theory, 21th International Conference,
               {CONCUR} 2010, Paris, France, August 31-September 3, 2010. Proceedings},
  series    = {LNCS},
  volume    = {6269},
  publisher = {Springer},
  year      = {2010},
  _url       = {http://dx.doi.org/10.1007/978-3-642-15375-4},
  _doi       = {10.1007/978-3-642-15375-4},
  _isbn      = {978-3-642-15374-7},
  timestamp = {Thu, 26 Aug 2010 16:45:23 +0200},
  biburl    = {http://dblp.uni-trier.de/rec/bib/conf/concur/2010},
  bibsource = {dblp computer science bibliography, http://dblp.org}
}

@article{DBLP:journals/jfp/Wadler14,
  author    = {Philip Wadler},
  title     = {Propositions as sessions},
  journal   = {J. Funct. Program.},
  volume    = 24,
  number    = {2-3},
  pages     = {384--418},
  year      = 2014,
  _url       = {http://dx.doi.org/10.1017/S095679681400001X},
  _doi       = {10.1017/S095679681400001X},
  timestamp = {Mon, 26 May 2014 10:31:52 +0200},
  biburl    = {http://dblp.uni-trier.de/rec/bib/journals/jfp/Wadler14},
  bibsource = {dblp computer science bibliography, http://dblp.org}
}

@inproceedings{DBLP:conf/esop/HondaVK98,
  author    = {Kohei Honda and
               Vasco Thudichum Vasconcelos and
               Makoto Kubo},
  title     = {Language Primitives and Type Discipline for Structured Communication-Based
               Programming},
  booktitle = {ESOP},
  _booktitle = {Programming Languages and Systems - ESOP'98, 7th European Symposium
               on Programming, Held as Part of the European Joint Conferences on
               the Theory and Practice of Software, ETAPS'98, Lisbon, Portugal, March
               28 - April 4, 1998, Proceedings},
  pages     = {122--138},
  year      = {1998},
  crossref  = {DBLP:conf/esop/1998},
  _url       = {http://dx.doi.org/10.1007/BFb0053567},
  _doi       = {10.1007/BFb0053567},
  timestamp = {Sun, 20 Sep 2009 17:24:17 +0200},
  biburl    = {http://dblp.uni-trier.de/rec/bib/conf/esop/HondaVK98},
  bibsource = {dblp computer science bibliography, http://dblp.org}
}

@proceedings{DBLP:conf/esop/1998,
  _editor    = {Chris Hankin},
  title     = {Programming Languages and Systems - ESOP'98, 7th European Symposium
               on Programming, Held as Part of the European Joint Conferences on
               the Theory and Practice of Software, ETAPS'98, Lisbon, Portugal, March
               28 - April 4, 1998, Proceedings},
  series    = {LNCS},
  volume    = {1381},
  publisher = {Springer},
  year      = {1998},
  _isbn      = {3-540-64302-8},
    timestamp = {Wed, 17 Apr 2002 09:38:10 +0200},
  biburl    = {http://dblp.uni-trier.de/rec/bib/conf/esop/1998},
  bibsource = {dblp computer science bibliography, http://dblp.org}
}

@article{DBLP:journals/mscs/Gay08,
  author    = {Simon J. Gay},
  title     = {Bounded polymorphism in session types},
  journal   = {Mathematical Structures in Computer Science},
  volume    = {18},
  number    = {5},
  pages     = {895--930},
  year      = {2008},
  _url       = {http://dx.doi.org/10.1017/S0960129508006944},
  _doi       = {10.1017/S0960129508006944},
  timestamp = {Mon, 04 May 2009 22:12:24 +0200},
  biburl    = {http://dblp.uni-trier.de/rec/bib/journals/mscs/Gay08},
  bibsource = {dblp computer science bibliography, http://dblp.org}
}

@inproceedings{BonoPadovaniTosatto13,
  volume = 7892,
  author = {Viviana Bono and Luca Padovani and Andrea Tosatto},
  series = {LNCS},
  booktitle = {FORTE},
  _booktitle = {Proceedings of the 2013 IFIP Joint International Conference on
               Formal Techniques for Distributed Systems (FORTE'13)},
  _url = {http://www.di.unito.it/~padovani/Papers/BonoPadovaniTosatto13.pdf},
  abstract = { Copyless message passing is a communication paradigm in which
              only pointers are exchanged between sender and receiver processes.
              Because of its nature, this paradigm requires that messages are
              treated as linear resources. Yet, even linear type systems leave
              room for scenarios where apparently well-typed programs may leak
              memory. In this work we develop a polymorphic type system for
              leak-free copyless messaging in a functional setting, where
              first-class functions can be used as messages. },
  title = {Polymorphic Types for Leak Detection in a Session-Oriented
           Functional Language},
  publisher = {Springer},
  year = 2013,
  pages = {83-98},
  _doi = {10.1007/978-3-642-38592-6\_7}
}

@article{MacQueen198695,
title = "An ideal model for recursive polymorphic types",
journal = "Information and Control",
volume = 71,
number = "1-2",
pages = "95--130",
year = 1986,
_issn = "0019-9958",
_doi = "http://dx.doi.org/10.1016/S0019-9958(86)80019-5",
_url = "http://www.sciencedirect.com/science/article/pii/S0019995886800195",
author = "David MacQueen and Gordon Plotkin and Ravi Sethi"
}

@Article{ bernardi.hennessy:using-contracts-model-session-types,
  author = 	 {Giovanni Bernardi and Matthew Hennessy},
  title = 	 {Using higher-order contracts to model session types},
  journal = 	 {Logical Methods in Computer Science},
  year = 	 {2016},
  volume = 	 {12},
  number = 	 {2:10},
  pages = 	 {1--43},
  OPTmonth = 	 {},
  OPTnote = 	 {},
  OPTannote = 	 {}
}

@InProceedings{ bernardi.hennessy:using-contracts-model-session-types-concur,
  author = 	 {Giovanni Bernardi and Matthew Hennessy},
  title = 	 {Using higher-order contracts to model session types},
  booktitle = {CONCUR},
  year = 	 {2014},
  OPTeditor = 	 {},
  volume = 	 {8704},
  OPTnumber = 	 {},
  series = 	 {LNCS},
  pages = 	 {387--401},
  OPTmonth = 	 {},
  OPTaddress = 	 {},
  OPTorganization = {},
  publisher = {Springer},
  OPTnote = 	 {},
  OPTannote = 	 {}
}

@article{DBLP:journals/acta/GayH05,
  author    = {Simon J. Gay and
               Malcolm Hole},
  title     = {Subtyping for session types in the pi calculus},
  journal   = {Acta Informatic\ae},
  volume    = {42},
  number    = {2-3},
  year      = {2005},
  pages     = {191-225},
  ee        = {http://dx.doi.org/10.1007/s00236-005-0177-z},
  bibsource = {DBLP, http://dblp.uni-trier.de}
}

@inproceedings{DBLP:conf/icalp/Senizergues97,
  author    = {G{\'{e}}raud S{\'{e}}nizergues},
  _editor    = {Pierpaolo Degano and
               Roberto Gorrieri and
               Alberto Marchetti{-}Spaccamela},
  title     = {The Equivalence Problem for Deterministic Pushdown Automata is Decidable},
  booktitle = {ICALP},
  _booktitle = {Automata, Languages and Programming, 24th International Colloquium,
               ICALP'97, Bologna, Italy, 7-11 July 1997, Proceedings},
  series    = {LNCS},
  volume    = {1256},
  pages     = {671--681},
  publisher = {Springer},
  year      = {1997},
  _url       = {http://dx.doi.org/10.1007/3-540-63165-8_221},
  _doi       = {10.1007/3-540-63165-8_221},
  timestamp = {Sun, 20 Sep 2009 10:49:56 +0200},
  biburl    = {http://dblp.uni-trier.de/rec/bib/conf/icalp/Senizergues97},
  bibsource = {dblp computer science bibliography, http://dblp.org}
}

@inproceedings{DBLP:journals/corr/Loding14,
  author    = {Christof L{\"{o}}ding},
  _editor    = {Zolt{\'{a}}n {\'{E}}sik and
               Zolt{\'{a}}n F{\"{u}}l{\"{o}}p},
  title     = {Decision Problems for Deterministic Pushdown Automata on Infinite
               Words},
  booktitle = {Proceedings 14th International Conference on Automata and Formal Languages,
               {AFL} 2014, Szeged, Hungary, May 27-29, 2014.},
  series    = {{EPTCS}},
  volume    = {151},
  pages     = {55--73},
  year      = {2014},
  _url       = {http://dx.doi.org/10.4204/EPTCS.151.4},
  _doi       = {10.4204/EPTCS.151.4},
  timestamp = {Mon, 02 Jun 2014 18:06:07 +0200},
  biburl    = {http://dblp.uni-trier.de/rec/bib/journals/corr/Loding14},
  bibsource = {dblp computer science bibliography, http://dblp.org}
}

@inproceedings{DBLP:conf/mfcs/LodingR12,
  author    = {Christof L{\"{o}}ding and
               Stefan Repke},
  _editor    = {Branislav Rovan and
               Vladimiro Sassone and
               Peter Widmayer},
  title     = {Regularity Problems for Weak Pushdown {\(\omega\)}-Automata and Games},
  booktitle = {MFCS},
  _booktitle = {Mathematical Foundations of Computer Science 2012 - 37th International
               Symposium, {MFCS} 2012, Bratislava, Slovakia, August 27-31, 2012.
               Proceedings},
  series    = {LNCS},
  volume    = {7464},
  pages     = {764--776},
  publisher = {Springer},
  year      = {2012},
  _url       = {http://dx.doi.org/10.1007/978-3-642-32589-2_66},
  _doi       = {10.1007/978-3-642-32589-2_66},
  timestamp = {Sun, 12 Aug 2012 18:27:36 +0200},
  biburl    = {http://dblp.uni-trier.de/rec/bib/conf/mfcs/LodingR12},
  bibsource = {dblp computer science bibliography, http://dblp.org}
}

@article{DBLP:journals/jfp/GayV10,
  author    = {Simon J. Gay and
               Vasco Thudichum Vasconcelos},
  title     = {Linear type theory for asynchronous session types},
  journal   = {J. Funct. Program.},
  volume    = {20},
  number    = {1},
  pages     = {19--50},
  year      = {2010},
  _url       = {http://dx.doi.org/10.1017/S0956796809990268},
  _doi       = {10.1017/S0956796809990268},
  timestamp = {Mon, 22 Mar 2010 12:02:58 +0100},
  biburl    = {http://dblp.uni-trier.de/rec/bib/journals/jfp/GayV10},
  bibsource = {dblp computer science bibliography, http://dblp.org}
}

@article{DBLP:journals/tcs/Courcelle83,
  author    = {Bruno Courcelle},
  title     = {Fundamental Properties of Infinite Trees},
  journal   = tcs,
  volume    = 25,
  pages     = {95--169},
  year      = 1983,
  _url       = {http://dx.doi.org/10.1016/0304-3975(83)90059-2},
  _doi       = {10.1016/0304-3975(83)90059-2},
  timestamp = {Wed, 07 Sep 2011 12:13:22 +0200},
  biburl    = {http://dblp.uni-trier.de/rec/bib/journals/tcs/Courcelle83},
  bibsource = {dblp computer science bibliography, http://dblp.org}
}

@inproceedings{DBLP:conf/concur/Honda93,
  author    = {Kohei Honda},
  _editor    = {Eike Best},
  title     = {Types for Dyadic Interaction},
  booktitle = {CONCUR},
  _booktitle = {{CONCUR} '93, 4th International Conference on Concurrency Theory,
               Hildesheim, Germany, August 23-26, 1993, Proceedings},
  series    = {LNCS},
  volume    = {715},
  pages     = {509--523},
  publisher = {Springer},
  year      = {1993},
  _url       = {http://dx.doi.org/10.1007/3-540-57208-2_35},
  _doi       = {10.1007/3-540-57208-2_35},
  timestamp = {Sun, 27 May 2012 19:01:06 +0200},
  biburl    = {http://dblp.uni-trier.de/rec/bib/conf/concur/Honda93},
  bibsource = {dblp computer science bibliography, http://dblp.org}
}

@inproceedings{DBLP:conf/parle/TakeuchiHK94,
  author    = {Kaku Takeuchi and
               Kohei Honda and
               Makoto Kubo},
  _editor    = {Constantine Halatsis and
               Dimitris G. Maritsas and
               George Philokyprou and
               Sergios Theodoridis},
  title     = {An Interaction-based Language and its Typing System},
  booktitle = {PARLE},
  _booktitle = {{PARLE} '94: Parallel Architectures and Languages Europe, 6th International
               {PARLE} Conference, Athens, Greece, July 4-8, 1994, Proceedings},
  series    = {LNCS},
  volume    = {817},
  pages     = {398--413},
  publisher = {Springer},
  year      = {1994},
  _url       = {http://dx.doi.org/10.1007/3-540-58184-7_118},
  _doi       = {10.1007/3-540-58184-7_118},
  timestamp = {Tue, 14 Jun 2011 20:35:25 +0200},
  biburl    = {http://dblp.uni-trier.de/rec/bib/conf/parle/TakeuchiHK94},
  bibsource = {dblp computer science bibliography, http://dblp.org}
}

@inproceedings{DBLP:conf/pldi/Reppy91,
  author    = {John H. Reppy},
  _editor    = {David S. Wise},
  title     = {{CML:} {A} Higher-Order Concurrent Language},
  booktitle = {PLDI},
  _booktitle = {Proceedings of the {ACM} SIGPLAN'91 Conference on Programming Language
               Design and Implementation (PLDI), Toronto, Ontario, Canada, June 26-28,
               1991},
  pages     = {293--305},
  publisher = {{ACM}},
  year      = {1991},
  _url       = {http://doi.acm.org/10.1145/113445.113470},
  _doi       = {10.1145/113445.113470},
  timestamp = {Mon, 21 May 2012 16:19:53 +0200},
  biburl    = {http://dblp.uni-trier.de/rec/bib/conf/pldi/Reppy91},
  bibsource = {dblp computer science bibliography, http://dblp.org}
}
                  
@inproceedings{DBLP:conf/popl/HondaYC08,
  author    = {Kohei Honda and
               Nobuko Yoshida and
               Marco Carbone},
  _editor    = {George C. Necula and
               Philip Wadler},
  title     = {Multiparty asynchronous session types},
  booktitle = {POPL},
  _booktitle = {Proceedings of the 35th {ACM} {SIGPLAN-SIGACT} Symposium on Principles
               of Programming Languages, {POPL} 2008, San Francisco, California,
               USA, January 7-12, 2008},
  pages     = {273--284},
  publisher = {{ACM}},
  year      = {2008},
  _url       = {http://doi.acm.org/10.1145/1328438.1328472},
  _doi       = {10.1145/1328438.1328472},
  timestamp = {Tue, 22 May 2012 15:24:56 +0200},
  biburl    = {http://dblp.uni-trier.de/rec/bib/conf/popl/HondaYC08},
  bibsource = {dblp computer science bibliography, http://dblp.org}
}
@incollection{DBLP:books/el/leeuwen90/Thomas90,
  author    = {Wolfgang Thomas},
  title     = {Automata on Infinite Objects},
  booktitle = {Handbook of Theoretical Computer Science, Volume {B:} Formal Models
               and Sematics {(B)}},
  publisher = {MIT Press},
  pages     = {133--192},
  year      = {1990},
  timestamp = {Thu, 03 Jan 2002 11:51:18 +0100},
  biburl    = {http://dblp.uni-trier.de/rec/bib/books/el/leeuwen90/Thomas90},
  bibsource = {dblp computer science bibliography, http://dblp.org}
}

@inproceedings{DBLP:conf/lata/RotBR13,
  author    = {Jurriaan Rot and
               Marcello M. Bonsangue and
               Jan J. M. M. Rutten},
  editor    = {Adrian Horia Dediu and
               Carlos Mart{\'{\i}}n{-}Vide and
               Bianca Truthe},
  title     = {Coinductive Proof Techniques for Language Equivalence},
  booktitle = {Language and Automata Theory and Applications - 7th International
               Conference, {LATA} 2013, Bilbao, Spain, April 2-5, 2013. Proceedings},
  series    = {Lecture Notes in Computer Science},
  volume    = {7810},
  pages     = {480--492},
  publisher = {Springer},
  year      = {2013},
  ignoreurl       = {http://dx.doi.org/10.1007/978-3-642-37064-9_42},
  ignoredoi       = {10.1007/978-3-642-37064-9_42},
  timestamp = {Fri, 31 May 2013 12:37:26 +0200},
  biburl    = {http://dblp.uni-trier.de/rec/bib/conf/lata/RotBR13},
  bibsource = {dblp computer science bibliography, http://dblp.org}
}
@book{sangiorgi2014introduction,
  title={An Introduction to Bisimulation and Coinduction},
  author={Sangiorgi, Davide},
  isbn={9781139161381},
  ignoreurl={https://books.google.de/books?id=PIjWoQEACAAJ},
  year={2014},
  publisher={Cambridge University Press}
}
@Article{Niwinski1984,
  author = 	 {Damian Niwinski},
  title = 	 {Fixed-Point Characterization of Context-Free $\infty$-Languages},
  journal = 	 {Information and Control},
  year = 	 1984,
  volume = 	 61,
  pages = 	 {247-276}
}

@article{DBLP:journals/jacm/BaetenBK93,
  author    = {Jos C. M. Baeten and
               Jan A. Bergstra and
               Jan Willem Klop},
  title     = {Decidability of Bisimulation Equivalence for Processes Generating
               Context-Free Languages},
  journal   = {J. {ACM}},
  volume    = {40},
  number    = {3},
  pages     = {653--682},
  year      = {1993},
  ignoreurl       = {http://doi.acm.org/10.1145/174130.174141},
  ignoredoi       = {10.1145/174130.174141},
  timestamp = {Thu, 20 Nov 2003 12:28:00 +0100},
  biburl    = {http://dblp.uni-trier.de/rec/bib/journals/jacm/BaetenBK93},
  bibsource = {dblp computer science bibliography, http://dblp.org}
}
@article{DBLP:journals/jacm/AcetoH92,
  author    = {Luca Aceto and
               Matthew Hennessy},
  title     = {Termination, Deadlock, and Divergence},
  journal   = {J. {ACM}},
  volume    = {39},
  number    = {1},
  pages     = {147--187},
  year      = {1992},
  ignoreurl       = {http://doi.acm.org/10.1145/147508.147527},
  ignoredoi       = {10.1145/147508.147527},
  timestamp = {Thu, 20 Nov 2003 12:27:59 +0100},
  biburl    = {http://dblp.uni-trier.de/rec/bib/journals/jacm/AcetoH92},
  bibsource = {dblp computer science bibliography, http://dblp.org}
}
@inproceedings{DBLP:conf/esop/ToninhoCP13,
  author    = {Bernardo Toninho and
               Lu{\'{\i}}s Caires and
               Frank Pfenning},
  title     = {Higher-Order Processes, Functions, and Sessions: {A} Monadic Integration},
  booktitle = {{ESOP}},
  _series    = {Lecture Notes in Computer Science},
 series    = {LNCS},
  volume    = {7792},
  pages     = {350--369},
  publisher = {Springer},
  year      = {2013}
}

@Article{ huttel.lanese.etal:foundations-session-types,
  author = 	 {Hans Hüttel and
Ivan Lanese and
Vasco T. Vasconcelos and
Luís Caires and
Marco Carbone and
Pierre-MALO Deniélou and
Dimitris Mostrous and
Luca Padovani and
António Ravara and
Emilio Tuosto and
Hugo Torres Vieira and
Gianluigi Zavattaro},
  title = 	 {Foundations of Session Types and Behavioural Contracts},
  journal = 	 {ACM Comput.\ Surv.},
  year = 	 {2016},
  volume = 	 {49},
  number = 	 {1},
  OPTpages = 	 {},
  OPTmonth = 	 {June},
  OPTnote = 	 {},
  OPTannote = 	 {}
}

@Book{Pierce2002-tpl,
  author =	 {Pierce, Benjamin C.},
  title = 	 {Types and Programming Languages},
  publisher = 	 {MIT Press},
  year = 	 2002
}

@article{DBLP:journals/iandc/LanesePSS11,
  author    = {Ivan Lanese and
               Jorge A. P{\'{e}}rez and
               Davide Sangiorgi and
               Alan Schmitt},
  title     = {On the expressiveness and decidability of higher-order process calculi},
  journal   = {Inf. Comput.},
  volume    = {209},
  number    = {2},
  pages     = {198--226},
  year      = {2011}
}
