@Unpublished{ bernardo,
  author = 	 {Bernado Almeida and Vasco T. Vasconcelos},
  title = 	 {A functional programming language with context-free session types},
  note = 	 {To appear},
  year = 	 2019
}

@inproceedings{caucal1986decidabilite,
  title={D{\'e}cidabilit{\'e} de l'{\'e}galit{\'e} des langages alg{\'e}briques infinitaires simples},
  author={Caucal, Didier},
  booktitle={Annual Symposium on Theoretical Aspects of Computer Science},
  pages={37--48},
  year={1986},
  organization={Springer}
}

@inproceedings{DBLP:conf/concur/Honda93,
  author    = {Kohei Honda},
  _editor    = {Eike Best},
  title     = {Types for Dyadic Interaction},
  booktitle = {CONCUR},
  _booktitle = {{CONCUR} '93, 4th International Conference on Concurrency Theory,
               Hildesheim, Germany, August 23-26, 1993, Proceedings},
  series    = {LNCS},
  volume    = {715},
  pages     = {509--523},
  publisher = {Springer},
  year      = {1993},
  _url       = {http://dx.doi.org/10.1007/3-540-57208-2_35},
  _doi       = {10.1007/3-540-57208-2_35},
  timestamp = {Sun, 27 May 2012 19:01:06 +0200},
  biburl    = {http://dblp.uni-trier.de/rec/bib/conf/concur/Honda93},
  bibsource = {dblp computer science bibliography, http://dblp.org}
}


@inproceedings{DBLP:conf/parle/TakeuchiHK94,
  author    = {Kaku Takeuchi and
               Kohei Honda and
               Makoto Kubo},
  _editor    = {Constantine Halatsis and
               Dimitris G. Maritsas and
               George Philokyprou and
               Sergios Theodoridis},
  title     = {An Interaction-based Language and its Typing System},
  booktitle = {PARLE},
  _booktitle = {{PARLE} '94: Parallel Architectures and Languages Europe, 6th International
               {PARLE} Conference, Athens, Greece, July 4-8, 1994, Proceedings},
  series    = {LNCS},
  volume    = {817},
  pages     = {398--413},
  publisher = {Springer},
  year      = {1994},
  _url       = {http://dx.doi.org/10.1007/3-540-58184-7_118},
  _doi       = {10.1007/3-540-58184-7_118},
  timestamp = {Tue, 14 Jun 2011 20:35:25 +0200},
  biburl    = {http://dblp.uni-trier.de/rec/bib/conf/parle/TakeuchiHK94},
  bibsource = {dblp computer science bibliography, http://dblp.org}
}

@inproceedings{DBLP:conf/popl/HondaYC08,
  author    = {Kohei Honda and
               Nobuko Yoshida and
               Marco Carbone},
  _editor    = {George C. Necula and
               Philip Wadler},
  title     = {Multiparty asynchronous session types},
  booktitle = {POPL},
  _booktitle = {Proceedings of the 35th {ACM} {SIGPLAN-SIGACT} Symposium on Principles
               of Programming Languages, {POPL} 2008, San Francisco, California,
               USA, January 7-12, 2008},
  pages     = {273--284},
  publisher = {{ACM}},
  year      = {2008},
  _url       = {http://doi.acm.org/10.1145/1328438.1328472},
  _doi       = {10.1145/1328438.1328472},
  timestamp = {Tue, 22 May 2012 15:24:56 +0200},
  biburl    = {http://dblp.uni-trier.de/rec/bib/conf/popl/HondaYC08},
  bibsource = {dblp computer science bibliography, http://dblp.org}
}

@inproceedings{DBLP:conf/popl/GayVRGC10,
  author    = {Simon J. Gay and
               Vasco Thudichum Vasconcelos and
               Ant{\'{o}}nio Ravara and
               Nils Gesbert and
               Alexandre Z. Caldeira},
  title     = {Modular session types for distributed object-oriented programming},
  booktitle = {POPL},
  _booktitle = {Proceedings of the 37th {ACM} {SIGPLAN-SIGACT} Symposium on Principles
               of Programming Languages, {POPL} 2010, Madrid, Spain, January 17-23,
               2010},
  pages     = {299--312},
  year      = {2010},
  crossref  = {DBLP:conf/popl/2010},
  _url       = {http://doi.acm.org/10.1145/1706299.1706335},
  _doi       = {10.1145/1706299.1706335},
  timestamp = {Tue, 22 May 2012 15:24:56 +0200},
  biburl    = {http://dblp.uni-trier.de/rec/bib/conf/popl/GayVRGC10},
  bibsource = {dblp computer science bibliography, http://dblp.org}
}


@article{DBLP:journals/toplas/CarboneHY12,
  author    = {Marco Carbone and
               Kohei Honda and
               Nobuko Yoshida},
  title     = {Structured Communication-Centered Programming for Web Services},
  journal   = {{ACM} Trans. Program. Lang. Syst.},
  volume    = 34,
  number    = 2,
  pages     = 8,
  year      = 2012,
  _url       = {http://doi.acm.org/10.1145/2220365.2220367},
  _doi       = {10.1145/2220365.2220367},
  timestamp = {Tue, 21 Aug 2012 18:24:25 +0200},
  biburl    = {http://dblp.uni-trier.de/rec/bib/journals/toplas/CarboneHY12},
  bibsource = {dblp computer science bibliography, http://dblp.org}
}

@inproceedings{thiemann2016context,
  title={Context-free session types},
  author={Thiemann, Peter and Vasconcelos, Vasco Thudichum},
  booktitle={ACM SIGPLAN Notices},
  volume={51},
  number={9},
  pages={462--475},
  year={2016},
  organization={ACM}
}


@inproceedings{janvcar1999techniques,
  title={Techniques for decidability and undecidability of bisimilarity},
  author={Jan{\v{c}}ar, Petr and Moller, Faron},
  booktitle={International Conference on Concurrency Theory},
  pages={30--45},
  year={1999},
  organization={Springer}
}

@article{DBLP:journals/iandc/ChristensenHS95,
  author    = {S{\o}ren Christensen and
               Hans H{\"{u}}ttel and
               Colin Stirling},
  title     = {Bisimulation Equivalence is Decidable for All Context-Free Processes},
  journal   = {Inf. Comput.},
  volume    = {121},
  number    = {2},
  pages     = {143--148},
  year      = {1995},
  ignoreurl       = {http://dx.doi.org/10.1006/inco.1995.1129},
  ignoredoi       = {10.1006/inco.1995.1129},
  timestamp = {Wed, 06 Jul 2011 21:24:02 +0200},
  biburl    = {http://dblp.uni-trier.de/rec/bib/journals/iandc/ChristensenHS95},
  bibsource = {dblp computer science bibliography, http://dblp.org}
}


@article{DBLP:journals/jacm/AcetoH92,
  author    = {Luca Aceto and
               Matthew Hennessy},
  title     = {Termination, Deadlock, and Divergence},
  journal   = {J. {ACM}},
  volume    = {39},
  number    = {1},
  pages     = {147--187},
  year      = {1992},
  ignoreurl       = {http://doi.acm.org/10.1145/147508.147527},
  ignoredoi       = {10.1145/147508.147527},
  timestamp = {Thu, 20 Nov 2003 12:27:59 +0100},
  biburl    = {http://dblp.uni-trier.de/rec/bib/journals/jacm/AcetoH92},
  bibsource = {dblp computer science bibliography, http://dblp.org}
}

@article{baeten1993decidability,
  title={Decidability of bisimulation equivalence for process generating context-free languages},
  author={Baeten, Jos CM and Bergstra, Jan A and Klop, Jan Willem},
  journal={Journal of the ACM (JACM)},
  volume={40},
  number={3},
  pages={653--682},
  year={1993},
  publisher={acm}
}

@article{hirshfeld1996bisimulation,
  title={Bisimulation trees and the decidability of weak bisimulations},
  author={Hirshfeld, Yoram},
  journal={Electr. Notes Theor. Comput. Sci.},
  volume={5},
  pages={2--13},
  year={1996}
}